<?xml version="1.0" encoding="UTF-8"?><collection xmlns="http://www.loc.gov/MARC21/slim"><record><leader>00503nam--2200181-u-4500</leader><controlfield tag="001">000055774</controlfield><controlfield tag="002">20161230</controlfield><controlfield tag="005">20161230201052</controlfield><controlfield tag="008">130416s1000------------r-----000-0-ger-d</controlfield><datafield ind1=" " ind2=" " tag="040"><subfield code="a">IFIN-HH</subfield></datafield><datafield ind1=" " ind2=" " tag="041"><subfield code="a">ger</subfield></datafield><datafield ind1=" " ind2=" " tag="080"><subfield code="a">54:530.145.6</subfield></datafield><datafield ind1="1" ind2=" " tag="100"><subfield code="a">Haas, Arthur</subfield></datafield><datafield ind1="1" ind2="0" tag="245"><subfield code="a">Die grundlangen der quantenchemie</subfield><subfield code="b">Eine einleitung in vier vortragen</subfield><subfield code="c">Arthur haas</subfield></datafield><datafield ind1=" " ind2=" " tag="260"><subfield code="a">Leipzig</subfield><subfield code="b">Akademische Verlagsgesellschaft M.B.H</subfield><subfield code="c">1929</subfield></datafield><datafield ind1=" " ind2=" " tag="300"><subfield code="a">74P</subfield></datafield><datafield ind1=" " ind2=" " tag="852"><subfield code="a">44649</subfield><subfield code="c">H.H</subfield></datafield><datafield ind1=" " ind2=" " tag="CAT"><subfield code="a">Sys</subfield><subfield code="c">20130416</subfield><subfield code="h">160254</subfield></datafield></record></collection>